@article{lorenz1963deterministic,
  author = {Lorenz, Edward N.},
  title = {Deterministic Nonperiodic Flow},
  journal = {Journal of the Atmospheric Sciences},
  volume = {20},
  number = {2},
  pages = {130--141},
  year = {1963},
  doi = {10.1175/1520-0469(1963)020<0130:DNF>2.0.CO;2}
}

@book{gleick1987chaos,
  author = {Gleick, James},
  title = {Chaos: Making a New Science},
  publisher = {Viking},
  address = {New York},
  year = {1987},
  isbn = {0-670-81178-5}
}

@article{dubois2020data,
  author = {Dubois, Pierre and Gomez, Thomas and Planckaert, Laurent and Perret, Laurent},
  title = {Data-driven predictions of the Lorenz system},
  journal = {Physica D: Nonlinear Phenomena},
  volume = {408},
  pages = {132495},
  year = {2020},
  issn = {0167-2789},
  doi = {10.1016/j.physd.2020.132495},
  url = {https://www.sciencedirect.com/science/article/pii/S0167278919307080}
}

@article{raissi2019physics,
  author = {Raissi, Maziar and Perdikaris, Paris and Karniadakis, George E.},
  title = {Physics-informed neural networks: A deep learning framework for solving forward and inverse problems involving nonlinear partial differential equations},
  journal = {Journal of Computational Physics},
  volume = {378},
  pages = {686--707},
  year = {2019},
  doi = {10.1016/j.jcp.2018.10.045}
}

@misc{kashyap2024modeling,
  author = {Kashyap, Sameera S and Dandekar, Raj Abhijit and Dandekar, Rajat and Panat, Sreedath},
  title = {Modeling chaotic Lorenz ODE System using Scientific Machine Learning},
  year = {2024},
  eprint = {2410.06452},
  archivePrefix = {arXiv},
  primaryClass = {cs.LG},
  url = {https://arxiv.org/abs/2410.06452}
}